2091 3439
561 70 648 115 1N
705 68 939 112 PsAL.
994 56 1252 111 xvrr1.

1721 82 1780 113 111

72 137 320 184 demfatetur
336 133 373 177 se
386 135 536 181 virtute
551 131 691 174 caelesti
705 131 815 173 fuisse
829 137 894 176 in-
946 133 1039 173 bilis
1068 135 1119 174 est
1146 149 1209 176 tua
1234 139 1272 175 in
1287 148 1351 176 me
1363 135 1510 192 gratia.
1565 135 1780 187 Caeteriirm

70 199 252 241 struetum
266 221 279 242 ‚
291 207 334 234 vt
347 191 396 231 de
410 188 582 230 hostibus
598 200 694 242 quas
709 190 838 228 meriti
851 202 893 227 e·

73 243 161 294 rant
175 261 308 304 poenas
323 244 613 302 exigercr.Qia
627 255 754 283 autem
768 247 899 297 primo

74 310 212 348 intuitu
231 301 442 342 absurdum
455 297 740 353 videriposs'et‚
760 299 781 337 a
806 299 900 337 Deo

73 361 220 402 armari
241 357 377 397 fideles
394 354 445 395 ad
471 352 688 394 vindictam
702 378 714 399 ,
732 352 905 392 tenenda

77 416 202 462 est(vt
217 415 322 468 prius
337 406 716 462 adinonui)Dauidis
730 412 904 448 vocatio.

74 472 222 523 Neque
237 469 338 506 enim
363 468 534 520 priuatus
560 464 683 502 horno
706 476 788 503 erat
801 489 813 510 ,
840 461 906 503 sed

73 529 149 581 pro
161 525 270 579 regia
282 520 472 575 potestate
487 548 499 569 ‚
512 518 700 559 iudicium
714 517 820 572 quod
834 532 904 556 ex-

76 591 239 632 equutus
253 577 319 624 est,
333 577 535 615 Diuinitus
549 576 584 613 ei
595 574 780 612 initietum
797 585 898 612 erat.

77 633 260 687 Qisquis
275 631 378 670 laesus
394 629 460 678 est,
486 629 513 668 fi
528 628 578 668 ad
594 628 632 669 se
641 626 907 667 vlciscendurn

78 687 332 744 profilit,Dei
347 699 476 742 partes
492 685 815 737 occup-initaque
826 696 906 721 non

78 743 158 782 fine
172 742 364 797 sacrilega
378 743 600 781 temeritate
613 740 747 778 illatas
759 736 830 776 sibi
844 740 907 775 in-

77 800 199 838 iurias
230 799 416 837 retaliant
444 797 587 850 priuati
612 793 792 833 homines
810 807 819 830 ε
845 792 910 833 sed

79 854 192 893 Deus
206 855 271 907 qui
292 851 330 892 se
344 850 544 892 vindicem
570 847 645 888 effe
667 849 912 904 pronuntiat,

79 909 216 965 Reges
230 910 268 947 ὃς
293 906 543 964 Magistratus
570 905 712 960 gladio
741 916 912 952 armans,

80 965 276 1005 vltionum
303 960 452 1003 suarum
480 961 676 1000 ministros
703 958 910 1000 constituit.

80 1018 221 1073 ltaque
235 1017 429 1058 vindi&as
450 1016 575 1070 posuit
598 1015 731 1055 Dauid
756 1029 827 1068 pro
855 1016 914 1054 iu-

82 1073 148 1114 stis
164 1075 290 1128 poenis
306 1086 400 1126 quas
414 1073 494 1112 Dei
509 1070 697 1112 mandato
727 1070 915 1122 reposce-

72 1143 126 1170 ·re
142 1129 250 1169 licuit
267 1143 276 1166 :
292 1129 419 1168 modo
443 1140 576 1167 tamen
590 1128 664 1168 rite
689 1124 913 1177 compofito

89 1185 258 1238 Spiritus
272 1185 362 1235 zelo
376 1195 554 1243 ageretur
566 1210 577 1230 ,
590 1196 669 1220 non
684 1183 809 1221 carnis
831 1183 912 1219 im-

86 1253 197 1294 petu.
232 1239 321 1280 Nisi
343 1243 447 1278 enim
470 1236 521 1276 ad
542 1237 790 1277 vocationem
815 1236 906 1274 talis

85 1294 311 1334 moderatio
337 1292 502 1334 accedat
515 1319 528 1339 ‚
553 1291 694 1332 frustra
717 1289 917 1333 iactabant

83 1348 222 1405 Reges
236 1348 304 1388 fibi
320 1350 511 1389 vltionem
528 1347 548 1386 ὲ
562 1349 656 1387 Deo
673 1345 915 1386 mandatam:

88 1408 179 1458 quia
193 1418 269 1444 non
282 1407 408 1444 minus
444 1402 715 1457 praeposterum
734 1401 784 1441 est
797 1429 809 1448 ,
825 1416 915 1454 per-

90 1457 200 1499 misso
216 1459 353 1515 gladio
368 1459 417 1498 ad
433 1461 558 1498 carnis
572 1456 781 1496 libidinem
795 1455 912 1503 abuti,

90 1516 210 1560 quim
228 1527 316 1556 eum
330 1510 750 1566 Deiiniuffuarripere.
773 1512 918 1552 Eccle-

86 1566 145 1608 fiae
159 1567 224 1607 sub
259 1568 403 1608 Christi
429 1567 612 1621 auspiciis
624 1566 811 1607 militanti
836 1581 916 1606 non

89 1623 170 1661 alia
188 1624 301 1676 quam
314 1622 491 1663 aduersus
507 1620 724 1661 obstinatos·
742 1621 915 1661 vindicta

87 1677 533 1732 permittitur.1ubemur
546 1675 747 1717 beneficiis
761 1691 916 1718 certare

88 1745 176 1774 cum
191 1732 361 1774 hostibus
379 1761 390 1781 ‚
405 1748 476 1789 pro
491 1746 625 1773 eorum
640 1732 760 1772 salute
775 1746 913 1787 preca-

85 1790 237 1843 rizergo
249 1787 361 1829 fimul
375 1788 552 1844 optanda
566 1788 647 1828 illis
674 1786 725 1827 est
738 1787 916 1842 resipisce

88 1845 168 1891 tia,
185 1848 222 1884 ὃ(
235 1843 375 1886 sanitas
395 1843 805 1892 mentis,d0nec.cert‹*>
820 1858 916 1883 con-

87 1897 164 1939 stet
177 1899 336 1955 perditae
364 1897 438 1940 esse
449 1914 497 1940 ac
510 1899 604 1952 desp
613 1911 725 1946 eratae
740 1900 915 1940 malitiae.

90 1956 256 1994 interim
270 1954 472 2011 refigiuida
489 1954 541 1995 est
555 1953 719 1996 arbitrio
734 1955 811 1994 Dei
826 1957 915 1994 vin-

92 2008 199 2051 dista
211 2039 224 2056 ,
238 2024 287 2049 ne
299 2023 387 2052 ante
400 2024 553 2063 tempus
569 2012 787 2064 praecipites
813 2009 918 2051 fera-

88 2064 352 2117 mur-,Deinde
365 2080 410 2106 ex
424 2066 603 2119 periculis
621 2066 658 2104 ὃ(
672 2063 919 2108 difficultati·

91 2118 164 2160 bus
180 2122 338 2176 colligit
353 2119 388 2160 se
401 2122 517 2161 aliter
540 2135 619 2160 non
633 2119 793 2173 potuiss'e
816 2120 921 2162 salust

91 2175 260 2228 euadere
273 2204 284 2224 ,
299 2176 369 2215 nifi
393 2177 472 2217 Dei
488 2189 604 2217 manu
630 2177 795 2217 seruatus
811 2176 914 2219 esset.

90 2228 184 2270 Huc
200 2235 300 2270 enim
331 2245 501 2286 pertinet
515 2232 686 2275 eleuatio
700 2231 750 2271 de
763 2247 841 2288 qua
856 2234 918 2272 lo-

91 2287 221 2340 quitur
233 2314 244 2331 ‚
262 2286 496 2328 mirabiliter
520 2286 629 2327 fuiss’e
643 2286 830 2328 sublatum
846 2317 858 2336 ,
873 2302 923 2328 ne

57 2377 65 2380 ,
91 2341 243 2381 νίἂτίεἰ
259 2340 426 2382 hostium
457 2343 629 2382 violetiae
643 2341 922 2384 succumberet.

152 2405 203 2442 50
260 2400 441 2448 Propterea
455 2397 626 2436 celebrabo
637 2409 682 2437 te.
722 2399 813 2437 Hoc
828 2412 919 2439 ver-

98 2445 138 2484 su
152 2447 267 2490 docet
276 2449 463 2492 beneficia
479 2452 557 2492 Dei
574 2466 653 2506 quae
668 2455 921 2501 retulitmouo

100 2502 314 2544 &insolito
332 2509 531 2563 praeconio
545 2506 663 2562 digna
682 2506 755 2549 ess'e
771 2537 782 2557 ‚
797 2523 838 2549 vt
852 2524 921 2549 eo-

101 2569 187 2595 mm
211 2555 313 2605 fama
339 2561 388 2602 ad
415 2561 562 2603 Gentes
588 2559 705 2617 usque
730 2563 922 2618 penetret.

103 2610 242 2660 Subest
278 2617 379 2654 eninr
405 2620 524 2659 tacita
550 2622 796 2673 comparatio
820 2623 924 2660 inter

102 2667 340 2707 ordinarium
353 2671 430 2710 Dei
444 2673 586 2714 cultum
613 2689 690 2726 quo
709 2689 798 2716 tunc
821 2675 922 2716 sole·

98 2717 196 2772 bant
208 2720 344 2763 fideles
358 2726 396 2763 in
413 2729 561 2782 templo
577 2727 754 2786 defungi,
771 2732 806 2770 ἃ
821 2730 923 2771 hanc

33 2822 44 2832 l
99 2779 318 2830 gratiarum
344 2781 538 2821 astionem
566 2798 645 2836 quae
659 2781 739 2826 tam
754 2786 925 2839 angustis

98 2830 241 2884 finibus
257 2834 346 2885 capi
359 2848 436 2874 non
449 2842 697 2890 poterat.Sen
706 2839 761 2880 sus
777 2842 829 2883 est
843 2842 922 2895 igi-

77 2889 358 2944 ·tur,Domine
369 2904 445 2929 non
461 2892 615 2932 tantum
630 2909 675 2934 ex
694 2896 922 2951 praescripto

100 2940 221 2996 Lfegis,
237 2946 315 2983 ritu
328 2947 471 2998 gratias
487 2935 560 2986 tibi
574 2959 689 3003 agam
708 2954 747 2988 in
761 2966 862 2992 coetu
874 2951 923 2990 fi-

48 3020 53 3024 <
98 2995 246 3042 delium
266 3014 275 3036 τ
294 2997 358 3039 sed
383 3000 539 3055 longius
564 3004 778 3046 manabunt
791 3007 925 3048 laudes

99 3064 171 3095 tuae
190 3080 203 3102 >
216 3052 326 3099 ficuti
352 3068 422 3112 per
437 3068 563 3098 totum
575 3058 712 3101 orbem
729 3073 926 3102 memora-

950 189 1042 228 hinc
1065 192 1296 229 vaticinium
1325 191 1372 231 de
1388 189 1516 232 ἥκω-ο
1544 192 1691 232 Christi
1714 207 1779 232 re-

951 257 1032 298 gno
1047 246 1310 298 eliciturzquia
1323 244 1395 284 nisi
1407 252 1447 284 'in
1463 248 1685 287 societatem
1696 249 1784 288 ele-

953 300 1004 340 cti
1020 299 1157 353 populi
1170 299 1318 338 allectae
1331 298 1485 340 fuissent
1499 301 1649 341 Gentes
1668 331 1678 349 ,
1694 299 1778 342 fru-

954 353 1029 393 stra
1041 355 1140 395 inter
1156 351 1285 393 surdos
1303 355 1341 392 &
1354 352 1522 394 absurdae
1539 358 1670 396 (ῆι-ηπ
1686 355 1783 396 fuis-

954 409 1036 448 sent
1049 407 1182 448 laudes
1196 409 1291 447 Dei.
1320 408 1457 458 Qare
1486 410 1572 449 scite
1589 411 1726 451 Paulus
1744 414 1783 451 &

955 463 1132 518 apposite
1146 464 1223 502 hoc
1240 461 1464 502 testimonio
1476 462 1616 517 probat
1631 481 1707 504 non
1724 466 1783 505 es-

953 521 992 558 se
1005 519 1204 559 fortuitam
1222 517 1409 558 Gentium
1424 520 1644 567 vocatione,
1660 522 1784 563 Rom.

959 586 1057 624 159.
1083 571 1268 612 Pluribus
1293 575 1399 611 enim
1414 575 1513 612 locis
1529 573 1659 626 postea
1672 576 1787 616 vide-
1816 584 1818 586 '

959 627 1084 667 bimus
1104 630 1186 668 Dei
1200 626 1379 667 laudibus
1408 627 1555 668 sacrum
1579 627 1787 669 domicilii

961 683 1146 738 assignari
1158 685 1198 722 in
1216 682 1537 734 Ecclefia.Qare
1552 683 1646 721 alibi
1659 687 1732 737 qua
1744 688 1785 724 in

960 738 1091 778 ludaea
1115 737 1169 778 n6
1195 741 1328 793 potuit
1341 739 1410 778 rite
1426 741 1461 777 ὃ(
1477 738 1525 779 εὖ
1541 737 1667 778 fructu
1680 741 1788 779 cele-

960 793 1068 833 brari
1080 795 1161 833 Dei
1175 808 1319 832 nornen
1334 821 1345 841 ,
1362 792 1488 834 donec
1508 792 1716 849 perforat‘ae
1730 792 1789 833 es-

959 849 1041 889 sent
1053 863 1160 889 aures
1176 848 1372 890 Gentibus
1389 863 1398 886 2
1418 851 1521 901 quod
1536 848 1638 888 faafi
1655 848 1706 888 est
1721 848 1788 891 vbi

964 918 1028 946 eas
1042 907 1150 945 Deus
1164 919 1234 959 per
1249 906 1508 960 Euangelium
1523 906 1669 943 asciuit.

1047 974 1089 1011 51
1170 959 1590 1011 „Magnificansfirlutcn
1648 957 1788 998 Versus

965 1014 1030 1054 hic
1045 1019 1064 1054 a
1078 1014 1154 1054 fine
1169 1014 1410 1055 demonstmt
1437 1030 1504 1054 cur
1518 1028 1597 1055 tam
1614 1013 1790 1053 liberali-

967 1084 1025 1112 ter
1040 1072 1150 1110 Deus
1166 1073 1292 1125 egerit
1304 1084 1388 1109 cum
1405 1070 1670 1121 Dauidezquia
1686 1067 1791 1108 scili-

966 1139 1028 1166 cet
1041 1139 1125 1164 eum
1142 1138 1309 1164 vnxerat
1322 1128 1362 1163 in
1375 1127 1547 1180 Regem.
1573 1127 1642 1164 ΝΞ
1653 1125 1691 1164 se
1705 1126 1792 1164 Re-

965 1195 1056 1237 gem
1072 1182 1150 1220 Dei
1163 1179 1344 1220 vocando
1358 1208 1368 1225 ,
1395 1181 1433 1219 se
1448 1182 1796 1221 nectemereirru-

965 1234 1061 1290 pisse
1075 1263 1086 1283 ,
1099 1250 1169 1274 nec
1183 1237 1314 1289 prauis
1327 1233 1564 1275 factionibus
1592 1235 1793 1276 obtrusum

964 1289 1076 1331 fuiss‘e
1089 1289 1327 1333 testaumstd
1345 1292 1425 1330 iure
1440 1291 1621 1348 legitimo
1634 1291 1797 1345 regnas-

968 1346 1006 1386 se
1021 1375 1031 1393 ,
1045 1349 1135 1399 quia
1149 1345 1198 1384 fic
1223 1347 1316 1384 Deo
1331 1346 1489 1399 placuit.
1523 1346 1569 1386 Id
1600 1349 1796 1388 vnffionis

969 1401 1148 1456 symbolo
1164 1399 1303 1455 probat
1316 1416 1328 1437 :
1341 1403 1428 1454 quia
1446 1402 1554 1441 Deus
1570 1430 1582 1450 ,
1601 1403 1791 1442 Samuelis

971 1471 1088 1496 manu
1104 1455 1150 1496 esi
1166 1457 1449 1512 vngendo‚non
1466 1454 1565 1497 secus
1579 1459 1637 1496 ius
1653 1458 1797 1513 rcgnsi-

969 1513 1008 1554 di
1023 1512 1200 1560 asseruit,
1220 1513 1334 1564 quam
1353 1511 1380 1550 fi
1405 1525 1519 1552 manu
1533 1513 1595 1554 sua
1621 1514 1752 1565 palam
1773 1514 1794 1553 ὲ

971 1568 1066 1608 caelo
1080 1571 1261 1607 exertam
1275 1569 1387 1624 regio
1402 1568 1502 1607 solio
1516 1568 1690 1609 locasset.
1705 1570 1796 1609 Hic

969 1623 1205 1662 eleffionem
1222 1627 1400 1663 continua
1426 1621 1587 1664 salutum
1603 1625 1696 1663 serie
1710 1638 1797 1663 ma-

967 1677 1111 1735 gnifice
1136 1677 1244 1718 fuisse
1269 1677 1455 1719 sancitam
1474 1679 1566 1720 dicit
1583 1679 1712 1720 :vnde
1739 1679 1799 1719 se·—

968 1734 1112 1789 quitur,
1129 1747 1174 1772 ex
1188 1732 1359 1788 professo
1374 1734 1420 1775 cfi
1433 1736 1526 1775 Deo
1541 1733 1692 1774 bellare
1707 1749 1800 1774 om-

968 1804 1036 1828 nes
1069 1788 1206 1843 quibus
1231 1803 1313 1831 rata
1339 1805 1418 1829 non
1445 1789 1497 1829 est
1521 1793 1602 1829 eius
1621 1792 1797 1830 vocatio.

967 1843 1134 1884 Causam
1150 1843 1261 1884 fimul
1277 1844 1442 1886 ascribit
1462 1845 1542 1884 Dei
1567 1845 1798 1886 clementiae:

969 1914 1012 1940 vt
1022 1898 1179 1939 sciamus
1196 1915 1237 1938 m
1250 1915 1358 1940 mero
1372 1901 1450 1940 Dei
1464 1900 1715 1953 beneplacito
1728 1900 1797 1939 fun

970 1955 1101 1997 datum
1115 1954 1227 1996 fuiss'e
1240 1957 1337 1997 illud
1351 1958 1618 2012 regnum.lam
1637 1971 1678 1995 ex
1692 1957 1801 1996 clau-

970 2010 1051 2051 sula
1076 2013 1244 2065 apertius
1271 2011 1422 2052 constat
1437 2010 1544 2065 quod
1564 2015 1670 2066 prius
1699 2011 1800 2058 dixi,

972 2066 1132 2107 Dauid&
1145 2081 1224 2106 non
1241 2067 1281 2107 ta'
1295 2066 1470 2107 historice
1485 2081 1643 2107 narrare
1657 2065 1799 2105 mirifi-

971 2136 1034 2163 cas
1061 2124 1109 2161 &'
1128 2124 1257 2162 varias
1282 2124 1417 2179 gratiae
1441 2122 1523 2163 Dei
1537 2121 1680 2176 species
1704 2135 1802 2175 quas

970 2179 1011 2216 in
1026 2176 1061 2217 se
1075 2192 1120 2217 ex
1157 2191 1258 2218 crtus
1285 2191 1390 2226 erat,
1403 2179 1519 2232 quim
1535 2178 1583 2218 de
1607 2190 1798 2232 perpetuo

974 2234 1089 2288 regni
1146 2246 1208 2273 atu
1233 2235 1454 2275 vaticinari.
1483 2233 1544 2273 Ac
1581 2232 1801 2273 notandum

974 2287 1028 2328 est
1039 2316 1052 2335 ‚
1069 2290 1235 2328 Seminis
1247 2291 1406 2330 nomine
1418 2302 1495 2329 non
1510 2288 1704 2343 quossibet
1720 2301 1799 2340 po-

974 2343 1093 2383 steros
1106 2344 1271 2400 intelligi
1288 2373 1299 2392 ,
1313 2343 1377 2385 sed
1404 2345 1652 2398 peculiariter
1666 2343 1803 2383 notari

976 2397 1222 2439 successorem
1251 2400 1361 2438 illum
1392 2400 1451 2439 cui
1477 2399 1511 2439 se
1535 2397 1621 2438 fore
1656 2400 1695 2437 in
1728 2411 1801 2452 pa-

975 2466 1077 2494 trem
1090 2455 1200 2495 Deus
1217 2456 1421 2505 pollicitus
1435 2452 1574 2495 fuerat.
1601 2455 1713 2493 Nam
1726 2452 1806 2507 quii

977 2509 1159 2563 praediCta
1173 2510 1262 2552 esset
1276 2512 1384 2562 regni
1401 2508 1592 2548 stabilitas
1604 2536 1616 2557 ‚
1629 2508 1806 2554 quandiu

975 2564 1030 2604 sol
1046 2566 1084 2603 ὅ(
1096 2565 1186 2604 luna
1199 2570 1241 2605 in
1255 2562 1348 2606 c-ael'o
1362 2562 1570 2619 fulgerent,
1589 2566 1802 2605 2.Samuel.

976 2617 1414 2674 cap-7.ver.12,necess'e
1427 2618 1498 2660 fuit
1515 2618 1565 2659 ad
1580 2619 1626 2658 esi
1640 2619 1809 2659 descen-

976 2675 1072 2715 dere
1086 2702 1097 2721 ,
1112 2678 1174 2729 qui
1188 2678 1277 2718 Rex
1291 2688 1451 2715 aeternus
1475 2688 1553 2715 non
1568 2676 1803 2730 temporalis

974 2730 1125 2770 futurus
1140 2746 1236 2772 erat.
1266 2734 1401 2783 ltaque
1420 2730 1545 2769 semen
1561 2727 1662 2769 suum
1690 2728 1808 2770 nobis

978 2784 1205 2827 comme'dat
1232 2784 1368 2825 Dauid
1390 2785 1618 2824 eximiailla
1633 2784 1808 2838 promis-

977 2840 1084 2880 fione
1096 2854 1379 2893 ornatum,quae
1390 2843 1515 2880 necin
1530 2841 1809 2888 Solomouem,

978 2910 1050 2936 nec
1068 2898 1106 2934 in
1131 2897 1251 2935 alium
1265 2897 1492 2950 quempiam
1518 2909 1563 2934 ex
1582 2894 1809 2935 successori—

979 2949 1050 2989 bus
1074 2951 1243 3005 perfecte
1271 2953 1487 3003 competit,
1512 2949 1575 2989 scd
1604 2952 1640 2988 in
1659 2951 1810 2991 Filium

979 3006 1057 3045 Dei
1071 3004 1438 3061 vnigenitum:ficuti
1455 3004 1665 3059 Apostolus
1678 3005 1810 3045 Hebr.

980 3062 1101 3117 capit.
1119 3075 1150 3102 1.
1171 3062 1269 3102 vers.
1282 3077 1333 3111 4,
1371 3059 1445 3101 hac
1469 3060 1664 3118 dignitate
1686 3059 1811 3118 ipsum
