2091 3439
276 182 374 227 tinet
386 171 525 216 vtilem
538 167 773 218 doarinam,
786 172 876 225 quia
887 182 1021 210 tamen
1034 184 1110 210 ve—

278 246 370 278 reor
393 243 442 269 ne
465 226 511 268 fit
523 228 643 267 nimis
669 236 826 290 argutus
840 251 854 273 ,
878 224 1106 281 (impliciter

278 288 437 340 accipio
450 311 462 331 ,
486 282 662 336 Qanuis
674 284 791 322 initio
815 279 984 322 hostium
997 278 1108 321 furor

279 354 415 385 omma
424 336 775 395 perturbans.quafi
786 334 967 377 tenebras
983 335 1110 377 obdu·-

279 409 434 446 cat,tan
441 394 530 436 dem
539 389 723 434 cessurum
735 394 775 432 in
787 392 902 433 laude
916 392 1107 446 Deizquia

273 449 563 507 euentupalam
579 447 659 494 fiet,
671 447 861 503 quicquid
878 449 1111 495 moliantur,

279 509 386 550 nihil
401 519 533 549 tamen
549 501 654 558 posse
666 515 804 544 contra
817 500 1106 558 Deum.Poste-

276 567 362 608 tior
379 566 496 605 etiam
511 574 600 615 pars
624 559 751 600 versus
770 557 955 599 bifariam
980 546 1107 611 pofe'st

276 622 418 675 accipi.
434 616 642 671 quiaenim
653 614 818 655 verbum
838 613 951 664 ἿΔΠ
970 616 1107 668 cinge-

276 691 322 720 re
334 670 698 732 fignificat,quidam
714 668 942 711 subaudiunt
957 681 1108 723 prono-

261 746 372 772 snen
385 729 519 778 tc,hoc
533 724 824 777 sensu‚Qanuis
840 722 987 765 n6dum
1006 738 1104 778 pro-

279 788 412 842 fligati
437 783 510 823 fint
524 795 658 821 ornnes
684 779 864 820 Ecclesiae
886 777 1014 818 hostes
1026 804 1038 826 ‚
1063 792 1104 821 tu

277 856 414 887 tamen
437 840 550 880 Deus
576 836 626 877 ad
651 834 870 890 perdendos
887 838 1108 888 quicunque

279 898 417 940 refidui
432 895 566 939 suntme
578 896 775 947 accinges.
790 889 938 930 Verum
954 888 1107 944 simpli-

276 956 364 996 cior
378 950 430 992 est
453 950 580 989 altera
604 945 882 1001 interpretatio
897 972 908 993 ,
923 943 1101 997 Qanuis

276 1024 361 1049 non
385 1004 561 1047 definant
584 1001 709 1042 hostes
735 1000 1004 1042 truculentiam
1024 997 1105 1054 spi·

278 1077 424 1112 rare‚tu
436 1072 566 1102 tamen
580 1057 771 1112 impedies
786 1069 831 1094 ac
848 1054 1107 1111 constringes,

277 1134 328 1160 ne
344 1127 581 1170 exequantur
594 1114 679 1153 suos
693 1124 862 1152 conatus.
891 1111 986 1150 Non
1002 1112 1106 1151 male

282 1177 398 1214 etiam
417 1172 515 1212 forte
531 1170 766 1223 quadraret,
782 1168 844 1207 Tu
869 1166 1037 1221 colliges
1062 1169 1104 1205 in

279 1224 760 1270 fasciculfi.ficut1Gallice
777 1221 938 1262 dicimus
952 1222 1104 1272 troufflr.

278 1285 486 1327 Discamus
501 1295 595 1337 ergo
619 1278 670 1320 dsi
682 1277 915 1319 obnubilant
925 1278 1036 1330 impii
1048 1279 1103 1315 im

284 1340 400 1396 perii]
415 1339 705 1388 Dei,patienter
717 1337 939 1388 expectare,
952 1331 1045 1371 dum
1061 1332 1105 1369 1ae

280 1398 386 1436 tiore
397 1391 559 1434 success‘u
571 1390 735 1445 seipsum
762 1385 961 1444 glorificet
975 1387 1105 1435 Deus,

281 1453 320 1490 ὅ(
338 1464 425 1491 curn
449 1448 618 1490 ludibrio
640 1444 815 1485 vesanam
832 1457 965 1483 eorum
982 1440 1109 1482 auda-

279 1505 343 1545 cia
357 1517 547 1546 conterat.
571 1500 697 1554 Qod
711 1500 737 1539 fi
753 1498 915 1539 subinde
929 1498 1104 1553 emergit

281 1563 376 1600 noui
392 1563 667 1607 motus,veniat
682 1555 795 1595 nobis
810 1559 848 1593 in
862 1550 1104 1607 ment5,pro-

280 1618 413 1669 prium
427 1613 502 1655 esse
523 1615 605 1654 Dei
633 1625 766 1652 munus
792 1610 974 1664 reliquias
996 1607 1104 1649 indi-

276 1674 513 1728 gnationum
537 1667 824 1723 constringere,
838 1679 887 1704 ne
901 1663 936 1703 se
948 1663 1106 1718 longius

279 1725 673 1767 diffundant.lnterea
686 1737 735 1762 ne
750 1721 934 1760 miremur
945 1717 1108 1760 subinde

276 1783 475 1836 pullulare
485 1794 610 1820 nouos
622 1777 774 1818 furores
788 1804 801 1823 ,
817 1777 909 1826 quia
921 1773 1042 1828 vsque
1056 1775 1107 1818 ad

277 1836 402 1877 finem
414 1836 549 1876 mundi
564 1835 717 1887 semper
729 1831 891 1872 habebit
905 1832 995 1872 Sata·
1009 1844 1107 1886 quos

278 1891 332 1934 ad
345 1890 551 1934 vexandos
563 1891 643 1930 Dei
659 1887 761 1927 filios
776 1885 943 1942 instiget.

328 1963 367 1988 12
427 1951 551 1985 Vouete
608 1947 690 1983 Iam
717 1942 766 1982 ad
792 1937 1032 1998 gratitudine
1057 1936 1106 1979 fi-

277 2002 386 2045 deles
402 2001 591 2042 hortatur.
623 1999 725 2051 Qia
751 2011 882 2038 autem
908 1995 972 2036 sub
998 1997 1107 2052 Lege

276 2073 352 2112 pro
367 2054 619 2114 singularibus
643 2055 723 2094 Dei
748 2050 950 2093 beneficiis
979 2066 1105 2091 voue-

277 2113 372 2154 bant
384 2111 583 2157 sacrificia,
596 2109 726 2164 quibus
743 2106 1029 2149 confitebantur
1046 2106 1105 2146 sa—

277 2170 403 2210 lutem
418 2167 632 2215 suam,Deo
647 2164 682 2205 se
699 2175 895 2219 acceptam
909 2161 1011 2202 ferre
1025 2189 1036 2208 ,
1054 2160 1105 2203 ad

278 2225 381 2265 hunc
406 2225 559 2277 pietatis
576 2220 720 2262 cultum
737 2234 802 2259 eos
829 2231 990 2258 reuocat
1004 2216 1106 2257 Pro-

279 2280 414 2335 pheta.
427 2291 471 2317 ac
481 2277 649 2316 reddendi
661 2274 782 2315 verbo
808 2272 1023 2313 constantii
1035 2271 1104 2313 de-

277 2336 404 2391 fignat
417 2361 430 2381 s
446 2348 494 2372 ne
503 2331 646 2372 scilicet
658 2333 699 2369 in
714 2328 874 2370 subitam
892 2325 1110 2368 confessio-

281 2404 371 2430 nem
386 2399 592 2442 erumpant
605 2387 746 2434 solum,
759 2384 824 2425 sed
838 2385 1027 2424 continuo
1043 2382 1106 2423 te*-

276 2449 383 2501 poris
401 2442 566 2484 successu
579 2442 761 2484 testentur
774 2441 919 2495 penitus
936 2438 1099 2478 infixam

281 2501 356 2541 esse
370 2498 552 2540 cordibus
568 2496 887 2538 suisliberationis
900 2494 1104 2534 memoria.

277 2555 523 2603 Pra-cipuum
537 2554 697 2604 quidem
709 2551 763 2592 est
784 2563 827 2591 vt
839 2549 939 2605 apud
956 2547 995 2588 se
1008 2562 1105 2603 repu

275 2625 363 2653 tent
374 2605 503 2650 Deum
520 2609 592 2650 effe
606 2609 733 2649 salutis
747 2602 1036 2646 authoremzsed
1052 2602 1106 2643 n6

279 2668 513 2719 superuacua
529 2666 581 2705 est
605 2663 772 2703 solennis
786 2663 940 2712 pietatis
955 2657 1109 2714 profes-

281 2722 350 2765 fio,
367 2735 439 2774 qua
455 2736 530 2759 non
547 2720 668 2760 modo
683 2719 719 2758 se
733 2717 891 2772 quisque
905 2715 953 2756 ad
969 2711 1106 2755 officifi

278 2776 463 2825 stimulat,
479 2776 541 2816 sed
555 2776 753 2815 aliialios.
776 2771 956 2813 Secundo
979 2783 1106 2809 mem-

279 2831 356 2872 bro
370 2833 527 2872 videtur
539 2834 684 2872 vicinas
698 2831 816 2869 etiam
831 2828 979 2867 Gentes
997 2826 1108 2865 allo-

282 2890 349 2945 qui
365 2902 374 2924 z
392 2887 469 2928 acsi
483 2889 630 2928 diceret
644 2915 656 2935 ,
672 2885 839 2941 speciem
862 2882 962 2923 hanc
976 2881 1108 2937 gratiae

817 99 1293 144 COMMENT.

1160 170 1322 211 <lionam
1339 161 1412 209 else
1431 178 1511 223 quae
1523 162 1574 206 ab
1589 166 1737 208 exteris
1764 166 1804 211 δε
1815 163 1993 211 ἱηείεὲιῖὲ

1158 229 1193 266 ci
1214 239 1243 264 ις
1259 223 1454 264 Gentibus
1470 223 1702 264 celebretur.
1728 223 1831 264 Mihi
1857 237 1991 266 tamen

1159 282 1286 336 aptius
1300 278 1372 319 effe
1386 279 1439 319 ad
1453 277 1663 332 Propheta·
1679 290 1852 319 mentem
1869 279 1989 320 vide-

1160 347 1236 384 tur,
1251 333 1486 390 compellari
1500 334 1562 373 vel
1575 335 1730 374 Leuitas
1744 361 1757 382 ‚
1771 335 1835 374 vel
1847 347 1988 374 omnes

1159 389 1326 431 Abrahae
1340 388 1516 446 posteros
1535 401 1722 441 :quorum
1736 393 1890 442 vtrique
1904 402 1985 430 non

2071 77 2091 97 Α

2041 118 2075 172 ἱκ

1145 445 1229 487 ,ἃδε
1244 461 1286 486 re
1298 446 1476 487 dicuntur
1489 445 1548 494 effe
1561 445 1598 481 in
1612 446 1846 483 Dezcircm'tu
1865 447 1987 498 :quia
2039 485 2043 488 ,

1157 503 1197 542 &
1212 499 1499 543 tabernaculum
1514 502 1553 537 in
1570 500 1702 540 medio
1714 496 1932 540 *castrorum
1943 501 1987 540 lo

1156 569 1291 597 catum
1309 569 1393 598 erat
1405 555 1576 610 quaudiu
1589 557 1626 594 in
1640 553 1794 596 deserto
1807 557 1987 611 peregri-

1157 616 1239 653 nati
1251 611 1334 653 sunt
1347 611 1529 651 Israelitae
1545 638 1557 658 ,
1573 613 1609 650 ὅ(
1620 608 1739 649 statio
1763 616 1857 650 arcae
1872 610 1988 651 dele-

1159 671 1219 708 &a
1234 665 1308 709 fuit
1320 669 1360 706 in
1375 679 1505 707 monte
1518 667 1610 705 Sion
1623 691 1636 712 ,
1647 676 1690 706 vt
1699 665 1872 719 Vndique
1885 667 1989 706 illue

1154 723 1412 764 confluerent.
1440 722 1587 763 Leuius
1600 729 1730 761 autem
1745 719 1891 761 setuadi
1905 733 1988 761 tem

1155 779 1213 834 pli
1230 791 1363 834 partes
1380 776 1574 818 mandata:
1586 788 1754 824 erant,vt
1767 778 1808 814 in
1824 778 1989 819 circuitu

1139 841 1320 890 angerent
1335 831 1528 874 excubias.
1543 829 1749 873 Particula'
1773 834 1815 879 R
1826 833 1859 880 Ἶ
1869 823 1983 893 ἹΕῙ,

1156 890 1286 928 maior
1299 901 1385 942 pars
1399 890 1663 943 Interpretum
1674 885 1724 927 ad
1740 887 1832 927 Dea
1844 888 1985 927 refert:

1150 946 1207 985 ita
1218 941 1311 985 esset
1324 957 1468 984 nomen
1483 957 1584 985 toar.
1599 943 1837 999 Qanquam
1851 944 1989 982 umoris

1154 1012 1302 1039 nomen
1316 997 1466 1052 passim}
1495 1012 1566 1051 pro
1581 999 1674 1038 Deo
1685 998 1772 1053 ipso
1785 997 1986 1039 interdum

1154 1053 1365 1095 sumitur&
1380 1052 1428 1094 ad
1444 1053 1624 1094 Gentiles
1642 1056 1679 1092 ὅ(
1691 1051 1883 1108 profanos
1909 1053 1988 1096 ho-

1154 1110 1282 1150 mines
1296 1108 1460 1155 referas,
1472 1108 1598 1149 sensus
1614 1107 1930 1157 erit‚tributarios
1946 1106 1992 1148 fo

1153 1180 1196 1205 re
1210 1166 1320 1205 Deo:
1340 1167 1430 1217 quia
1440 1177 1546 1204 metu
1561 1166 1759 1218 perterriti
1772 1178 1849 1203 non
1865 1164 1988 1205 aude-

1156 1220 1252 1268 bunt
1263 1220 1427 1274 amplius
1442 1217 1631 1259 resistere.
1659 1219 1736 1259 Sed
1751 1221 1872 1275 magis
1888 1234 1989 1275 pro-

1154 1276 1293 1316 babile
1306 1275 1359 1316 est
1371 1301 1383 1322 ‚
1400 1288 1545 1314 nomen
1561 1274 1636 1314 hoc
1651 1273 1699 1313 ad
1711 1275 1842 1314 Deum
1856 1273 1988 1316 trans-

1153 1330 1251 1372 ferri
1267 1359 1280 1378 ,
1293 1343 1408 1392 quem
1423 1329 1627 1384 Propheta
1638 1331 1719 1369 iure
1733 1330 1988 1371 metuendum

1157 1385 1232 1428 effe
1243 1386 1338 1427 dicit
1352 1385 1439 1441 post
1463 1385 1566 1426 illud
1579 1397 1661 1427 tam
1674 1382 1808 1426 nobile
1823 1386 1982 1428 virtutis

1156 1444 1354 1499 specimen
1367 1441 1534 1483 editum.

1236 1512 1271 1550 13
1354 1498 1610 1537 vindemiabit.
1673 1496 1780 1550 Qia
1814 1497 1983 1538 verbum

1163 1551 1198 1601 Ἴ
1209 1555 1286 1605 32
1301 1551 1721 1605 Hebraeisnonnunqui
1733 1551 1918 1593 roborare
1932 1553 1987 1592 fi-

1156 1609 1320 1663 gnificat
1332 1635 1344 1656 ,
1357 1607 1518 1662 quidam
1534 1611 1592 1647 ita
1606 1607 1833 1648 vertendum
1849 1621 1991 1664 putant

1158 1665 1353 1704 hocloco.
1377 1662 1454 1704 Sed
1467 1675 1583 1718 quum
1595 1662 1807 1716 duplicatio
1822 1663 1871 1706 fit
1886 1663 1988 1705 eius-

1158 1719 1249 1759 dem
1269 1722 1485 1766 sententie,
1499 1733 1578 1759 non
1594 1718 1726 1759 dubito
1754 1721 1884 1774 priore
1897 1720 1987 1760 me-

1157 1772 1232 1815 bro
1255 1773 1460 1829 Prophe-ti
1478 1774 1708 1830 intelligere
1730 1774 1988 1830 Principibus

1157 1827 1300 1870 auferri
1321 1843 1496 1870 mentem
1513 1832 1549 1869 &
1564 1829 1812 1882 prudentiam
1827 1829 1988 1872 :deinde

1157 1888 1197 1925 in
1212 1900 1357 1942 genere
1371 1887 1535 1941 exprimi
1554 1886 1688 1925 Deum
1717 1887 1800 1925 illis
1818 1884 1988 1926 effetet-

1158 1940 1419 1994 ribilem,quia
1431 1956 1480 1980 ex
1495 1941 1558 1981 sua
1573 1941 1780 1982 altitudine
1797 1955 1862 1982 eos
1880 1939 1989 1981 deii-

1161 1998 1240 2037 ciat
1253 1996 1686 2050 praecipites.Qoniam
1700 2010 1828 2038 autem
1840 1998 1990 2050 princi-

1187 2054 1266 2092 ium
1283 2053 1338 2091 rei
1352 2051 1452 2091 bene
1463 2051 1795 2108 gerendae,sanum
1811 2052 1864 2092 est
1878 2051 1986 2093 confi

1153 2067 1348 2160 fiamque
1365 2107 1460 2161 saepe
1473 2107 1651 2163 indigent
1662 2106 1910 2162 fideles,quia
1925 2109 1987 2147 in-

1152 2175 1215 2203 ter
1232 2161 1312 2202 suas
1328 2160 1519 2216 angustias
1532 2163 1712 2216 perplexi
1726 2162 1984 2210 haerent‚dum

1156 2219 1270 2271 impii
1284 2218 1325 2256 in
1342 2218 1413 2256 suis
1438 2217 1581 2258 astutiis
1597 2219 1711 2258 nimis
1726 2218 1814 2258 sunt
1828 2217 1987 2271 perspi-

1158 2286 1271 2313 caces
1289 2287 1298 2310 ε
1326 2271 1394 2314 hic
1420 2272 1673 2328 Prophetai'n
1687 2277 1801 2312 manu
1813 2273 1894 2313 Dei
1911 2273 1986 2315 ess'e

1155 2328 1386 2380 pronuntiat
1408 2326 1546 2382 spiriru
1562 2328 1712 2380 priuare
1726 2330 1764 2368 δε
1788 2342 1988 2371 excaecare

1153 2384 1218 2437 qui
1233 2381 1414 2423 videntur
1426 2396 1501 2438 prae
1514 2383 1602 2422 aliis
1616 2385 1731 2424 acuti.
1745 2386 1797 2425 Et
1815 2387 1906 2436 quia
1921 2398 1987 2426 ma

1155 2441 1218 2479 ior
1236 2436 1316 2478 fere
1339 2436 1566 2491 Principum
1592 2453 1774 2479 numerus
1798 2440 1981 2490 Ecclesiae

1156 2495 1239 2533 Dei
1252 2490 1421 2533 infensus
1436 2492 1488 2532 est
1501 2521 1513 2542 ‚
1527 2492 1665 2535 diserte
1683 2498 1868 2550 exprimit
1879 2495 1984 2535 Pro-

1158 2548 1277 2603 pheta
1291 2546 1381 2590 satis
1397 2547 1471 2588 esse
1484 2550 1523 2588 in
1537 2549 1628 2588 Deo
1640 2551 1803 2590 terroris
1815 2549 1866 2590 ad
1879 2549 1984 2591 subi-

1156 2604 1307 2660 gendos
1322 2605 1442 2645 totius
1459 2603 1563 2644 orbis
1576 2607 1729 2660 Reges.
1746 2605 1867 2659 Qod
1879 2605 1982 2646 tame

1157 2658 1239 2700 illis
1255 2663 1353 2715 eripi
1368 2673 1412 2699 ac
1425 2661 1665 2701 vindemiari
1675 2661 1853 2713 spiritum
1867 2660 1982 2710 dicit,

1153 2711 1331 2771 restringi
1357 2713 1475 2756 debet
1499 2714 1552 2755 ad
1562 2730 1753 2769 tyrannos
1763 2716 1816 2770 5&
1831 2715 1984 2771 praedo-

1157 2785 1224 2810 nes
1240 2785 1337 2823 quos
1351 2769 1525 2812 infatuat
1536 2772 1751 2825 Deus:quia
1764 2771 1874 2812 videt
1887 2774 1982 2826 inge

1157 2827 1267 2865 nium
1293 2828 1331 2865 &
1356 2826 1514 2867 consilia
1538 2829 1673 2868 omnia
1689 2827 1738 2869 ad
1753 2826 1976 2868 nocendum

1158 2879 1376 2936 applicare.

502 2963 1025 3010 ARGVMENTVM
1089 2964 1356 3004 PSALMI
1406 2964 1674 3006 LXXVII.

378 3056 613 3097 „Quifiyuitfuerit
623 3054 726 3084 author
737 3051 848 3093 Psalmi
860 3052 998 3085 ,videtur
1021 3049 1147 3093 spiritus
1166 3059 1216 3091 per
1228 3061 1254 3080 os
1268 3051 1324 3079 eius
1337 3052 1643 3092 ear-imunempseundi
1658 3050 1780 3088 firmam
1800 3059 1846 3091 pro
1857 3047 1976 3089 affliffae

282 3103 409 3144 lsrlcfia
423 3094 582 3145 &nasone
592 3103 623 3132 in
631 3102 787 3146 [bissinis
798 3097 1326 3143 qvibuffitceperfieurimihmretafim
1339 3098 1519 3131 nihilvmiam
1530 3101 1559 3129 ιἰι
1576 3099 1669 3131 calum
1690 3100 1852 3142 lingerent.
1875 3098 1980 3136 Nequ-

1873 3144 1980 3182 enim
